@article{hydra,
  author="Wulf, W.",
  title= "\uppercase{Hydra} - \uppercase{T}he kernel of a multiprocessor operating system",
  journal="Communications of the ACM",
  year=1974
}

@misc{PBKDF2,
  author="IETF",
  title="\uppercase{RFC-8018} - \uppercase{PKCS \#5}: Password-Based Cryptography Specification Version 2.1",
  howpublished = "\url{tools.ietf.org/html/rfc8018}",
  year=2017
  
}

@misc{jwt.io,
  author="Auth0",
  howpublished = "\url{jwt.io}"
}

@misc{JWT,
  author="IETF",
  title="\uppercase{RFC-7519} - \uppercase{JSON} \uppercase{W}eb \uppercase{T}oken \uppercase{(JWT)}",
  howpublished = "\url{tools.ietf.org/html/rfc7519}",
  year=2015
}

@misc{kerberos,
  author="MIT",
  howpublished = "\url{web.mit.edu/kerberos/}",
  
}

@misc{MILS,
  author="Rushby, J.",
  title = "Design and Verification of Secure Systems",
  howpublished = "\url{www.csl.sri.com/papers/sosp81/sosp81.pdf}",
  year=1981
}

@misc{NEAT,
  author="Blasu, H.",
  title="\uppercase{EURO-MILS}: Secure European Virtualisation for Trustworthy Applications in Critical Domains",
  howpublished="\url{https://zenodo.org/record/45164}",
  year=2013
}